@inproceedings{tflibrary,
        title = {tf: The transform library},
        booktitle = {Technologies for Practical Robot Applications (TePRA), 2013 IEEE International Conference on},
        series = {Open-Source Software workshop},
        year = {2013},
        month={April}, 
        pages={1-6}, 
        author = {Foote, Tully},
        doi={10.1109/TePRA.2013.6556373}, 
        ISSN={2325-0526}
}